<?xml version="1.0" encoding="UTF-8"?>
<collection xmlns:xsi="http://www.w3.org/2001/XMLSchema-instance" xsi:schemaLocation="http://www.loc.gov/MARC21/slim http://www.loc.gov/standards/marcxml/schema/MARC21slim.xsd" xmlns="http://www.loc.gov/MARC21/slim">
<record>
  <leader>00742cam a2200229M  4500</leader>
  <controlfield tag="001">4825656</controlfield>
  <controlfield tag="003">NNC</controlfield>
  <controlfield tag="005">20130501011931.0</controlfield>
  <controlfield tag="008">831221m19629999iq            000 0 arard</controlfield>
  <datafield tag="010" ind1=" " ind2=" ">
    <subfield code="a">ne 67001634 </subfield>
  </datafield>
  <datafield tag="035" ind1=" " ind2=" ">
    <subfield code="a">(OCoLC)ocm23492618</subfield>
  </datafield>
  <datafield tag="035" ind1=" " ind2=" ">
    <subfield code="a">(NNC)4825656</subfield>
  </datafield>
  <datafield tag="040" ind1=" " ind2=" ">
    <subfield code="a">EYM</subfield>
    <subfield code="c">EYM</subfield>
    <subfield code="d">OCL</subfield>
  </datafield>
  <datafield tag="050" ind1=" " ind2="4">
    <subfield code="a">B753.K54</subfield>
    <subfield code="b">S53</subfield>
  </datafield>
  <datafield tag="100" ind1="1" ind2=" ">
    <subfield code="a">Shaykh Rāḍī, Taqī.</subfield>
  </datafield>
  <datafield tag="245" ind1="1" ind2="0">
    <subfield code="a">Sīrat Yaʻqūb Isḥāq al-Kindī wa-falsafatuh,</subfield>
    <subfield code="c">[ta'līf] Taqī al-Shaykh Rāḍī .</subfield>
  </datafield>
  <datafield tag="250" ind1=" " ind2=" ">
    <subfield code="a">[al-Ṭabʻah 1]</subfield>
  </datafield>
  <datafield tag="260" ind1=" " ind2=" ">
    <subfield code="a">Baghdād,</subfield>
    <subfield code="b">Maṭbaʻat Salmān al-Aʻẓamī,</subfield>
    <subfield code="c">[1962-]</subfield>
  </datafield>
  <datafield tag="300" ind1=" " ind2=" ">
    <subfield code="a">v. :</subfield>
    <subfield code="c">24 cm.</subfield>
  </datafield>
  <datafield tag="500" ind1=" " ind2=" ">
    <subfield code="a">Includes a bibliography of al-Kindī's works (v. 1, pp. 62-86).</subfield>
  </datafield>
  <datafield tag="600" ind1="0" ind2="0">
    <subfield code="a">Kindī,</subfield>
    <subfield code="d">-approximately 873.</subfield>
  </datafield>
  <datafield tag="955" ind1=" " ind2=" ">
    <subfield code="b">0026814803</subfield>
    <subfield code="d">glx</subfield>
    <subfield code="e">893.7K57 BS</subfield>
    <subfield code="v">v.1</subfield>
  </datafield>
</record>
</collection>